
@Article{willshaw1990assessment,
  title={An assessment of Marr's theory of the hippocampus as a temporary memory store},
  author={Willshaw, David J and Buckingham, JT},
  journal={Philosophical Transactions: Biological Sciences},
  pages={205--215},
  year={1990},
  publisher={JSTOR}
}

@Article{guzman2016synaptic,
  title={Synaptic mechanisms of pattern completion in the hippocampal CA3 network},
  author={Guzman, Segundo Jose and Schl{\"o}gl, Alois and Frotscher, Michael and Jonas, Peter},
  journal={Science},
  volume={353},
  number={6304},
  pages={1117--1123},
  year={2016},
  publisher={American Association for the Advancement of Science}
}


@Article{jensen2007human,
  title={Human gamma-frequency oscillations associated with attention and memory},
  author={Jensen, Ole and Kaiser, Jochen and Lachaux, Jean-Philippe},
  journal={Trends in neurosciences},
  volume={30},
  number={7},
  pages={317--324},
  year={2007},
  publisher={Elsevier}
}

@Article{van2003morphological,
  title={Morphological and numerical analysis of synaptic interactions between neurons in deep and superficial layers of the entorhinal cortex of the rat},
  author={van Haeften, Theo and Baks-te-Bulte, Luci{\"e}nne and Goede, Peter H and Wouterlood, Floris G and Witter, Menno P},
  journal={Hippocampus},
  volume={13},
  number={8},
  pages={943--952},
  year={2003},
  publisher={Wiley Online Library}
}


@Article{canto2008does,
  title={What does the anatomical organization of the entorhinal cortex tell us?},
  author={Canto, Cathrin B and Wouterlood, Floris G and Witter, Menno P},
  journal={Neural plasticity},
  volume={2008},
  year={2008},
  publisher={Hindawi Publishing Corporation}
}

@Article{kloosterman2000functional,
  title={Functional characterization of hippocampal output to the entorhinal cortex in the rat},
  author={Kloosterman, Fabian and Van Haeften, Theo and Lopes da Silva, Fernando H},
  journal={Annals of the New York Academy of Sciences},
  volume={911},
  number={1},
  pages={459--461},
  year={2000},
  publisher={Wiley Online Library}
}


@Article{agster2002hippocampus,
  Title                    = {The hippocampus and disambiguation of overlapping sequences},
  Author                   = {Agster, Kara L and Fortin, Norbert J and Eichenbaum, Howard},
  Journal                  = {Journal of Neuroscience},
  Year                     = {2002},
  Number                   = {13},
  Pages                    = {5760--5768},
  Volume                   = {22},

  Publisher                = {Soc Neuroscience}
}

@Article{aimone2009computational,
  Title                    = {Computational influence of adult neurogenesis on memory encoding},
  Author                   = {Aimone, James B and Wiles, Janet and Gage, Fred H},
  Journal                  = {Neuron},
  Year                     = {2009},
  Number                   = {2},
  Pages                    = {187--202},
  Volume                   = {61},

  Publisher                = {Elsevier}
}

@Article{allen2013evolution,
  Title                    = {The evolution of episodic memory},
  Author                   = {Allen, Timothy A and Fortin, Norbert J},
  Journal                  = {Proceedings of the National Academy of Sciences},
  Year                     = {2013},
  Number                   = {Supplement 2},
  Pages                    = {10379--10386},
  Volume                   = {110},

  Publisher                = {National Acad Sciences}
}

@Article{amaral1990chapter,
  Title                    = {Chapter Neurons, numbers and the hippocampal network},
  Author                   = {Amaral, David G and Ishizuka, Norio and Claiborne, Brenda},
  Journal                  = {Progress in brain research},
  Year                     = {1990},
  Pages                    = {1--11},
  Volume                   = {83},

  Publisher                = {Elsevier}
}

@Book{amit1992modeling,
  Title                    = {Modeling brain function: The world of attractor neural networks},
  Author                   = {Amit, Daniel J},
  Publisher                = {Cambridge University Press},
  Year                     = {1992}
}

@Article{appleby2011role,
  Title                    = {The role of additive neurogenesis and synaptic plasticity in a hippocampal memory model with grid-cell like input},
  Author                   = {Appleby, Peter A and Kempermann, Gerd and Wiskott, Laurenz},
  Journal                  = {PLoS Comput Biol},
  Year                     = {2011},
  Number                   = {1},
  Pages                    = {e1001063},
  Volume                   = {7},

  Publisher                = {Public Library of Science}
}

@Article{azizi2013computational,
  Title                    = {A computational model for preplay in the hippocampus},
  Author                   = {Azizi, Amir Hossein and Wiskott, Laurenz and Cheng, Sen},
  Journal                  = {Frontiers in computational neuroscience},
  Year                     = {2013},
  Pages                    = {161},
  Volume                   = {7},

  Publisher                = {Frontiers}
}

@Article{babb2006episodic,
  Title                    = {Episodic-like memory in the rat},
  Author                   = {Babb, Stephanie J and Crystal, Jonathon D},
  Journal                  = {Current Biology},
  Year                     = {2006},
  Number                   = {13},
  Pages                    = {1317--1321},
  Volume                   = {16},

  Owner                    = {bayatmz4},
  Publisher                = {Elsevier},
  Timestamp                = {2016.08.18}
}

@Article{bayati2015self,
  Title                    = {Self-organization of synchronous activity propagation in neuronal networks driven by local excitation},
  Author                   = {Bayati, Mehdi and Valizadeh, Alireza and Abbassian, Abdolhossein and Cheng, Sen},
  Journal                  = {Frontiers in computational neuroscience},
  Year                     = {2015},
  Volume                   = {9},

  Publisher                = {Frontiers Media SA}
}

@Article{becker2005computational,
  Title                    = {A computational principle for hippocampal learning and neurogenesis},
  Author                   = {Becker, Suzanna},
  Journal                  = {Hippocampus},
  Year                     = {2005},
  Number                   = {6},
  Pages                    = {722--738},
  Volume                   = {15},

  Publisher                = {Wiley Online Library}
}

@Article{burgess2002human,
  Title                    = {The human hippocampus and spatial and episodic memory},
  Author                   = {Burgess, Neil and Maguire, Eleanor A and O'Keefe, John},
  Journal                  = {Neuron},
  Year                     = {2002},
  Number                   = {4},
  Pages                    = {625--641},
  Volume                   = {35},

  Publisher                = {Elsevier}
}

@Article{cheng2013crisp,
  Title                    = {The {CRISP} theory of hippocampal function in episodic memory},
  Author                   = {Cheng, Sen},
  Journal                  = {Frontiers in neural circuits},
  Year                     = {2013},
  Pages                    = {88},
  Volume                   = {7},

  Publisher                = {Frontiers}
}

@Article{cheng2011structure,
  Title                    = {The structure of networks that produce the transformation from grid cells to place cells},
  Author                   = {Cheng, Sen and Frank, Loren M},
  Journal                  = {Neuroscience},
  Year                     = {2011},
  Pages                    = {293--306},
  Volume                   = {197},

  Publisher                = {Elsevier}
}

@Article{cheng2016episodic,
  Title                    = {What is episodic memory if it is a natural kind?},
  Author                   = {Cheng, Sen and Werning, Markus},
  Journal                  = {Synthese},
  Year                     = {2016},
  Number                   = {5},
  Pages                    = {1345--1385},
  Volume                   = {193},

  Publisher                = {Springer}
}

@Article{cheng2016dissociating,
  Title                    = {Dissociating memory traces and scenario construction in mental time travel},
  Author                   = {Cheng, Sen and Werning, Markus and Suddendorf, Thomas},
  Journal                  = {Neuroscience \& Biobehavioral Reviews},
  Year                     = {2016},
  Pages                    = {82--89},
  Volume                   = {60},

  Publisher                = {Elsevier}
}

@Article{chiba1994memory,
  Title                    = {Memory for spatial location as a function of temporal lag in rats: role of hippocampus and medial prefrontal cortex},
  Author                   = {Chiba, Andrea A and Kesner, Raymond P and Reynolds, April M},
  Journal                  = {Behavioral and neural biology},
  Year                     = {1994},
  Number                   = {2},
  Pages                    = {123--131},
  Volume                   = {61},

  Publisher                = {Elsevier}
}

@Article{clayton1998episodic,
  Title                    = {Episodic-like memory during cache recovery by scrub jays},
  Author                   = {Clayton, Nicola S and Dickinson, Anthony},
  Journal                  = {Nature},
  Year                     = {1998},
  Number                   = {6699},
  Pages                    = {272--274},
  Volume                   = {395},

  Owner                    = {bayatmz4},
  Publisher                = {Nature Publishing Group},
  Timestamp                = {2016.08.18}
}

@Article{cravens2006ca3,
  Title                    = {{CA3 NMDA} receptors are crucial for rapid and automatic representation of context memory},
  Author                   = {Cravens, Catherine J and Vargas-Pinto, Noelia and Christian, Kimberly M and Nakazawa, Kazu},
  Journal                  = {European Journal of Neuroscience},
  Year                     = {2006},
  Number                   = {6},
  Pages                    = {1771--1780},
  Volume                   = {24},

  Publisher                = {Wiley Online Library}
}

@Article{csicsvari2007place,
  Title                    = {Place-selective firing contributes to the reverse-order reactivation of {CA1} pyramidal cells during sharp waves in open-field exploration},
  Author                   = {Csicsvari, Jozsef and O'Neill, Joseph and Allen, Kevin and Senior, Timothy},
  Journal                  = {European Journal of Neuroscience},
  Year                     = {2007},
  Number                   = {3},
  Pages                    = {704--716},
  Volume                   = {26},

  Publisher                = {Wiley Online Library}
}

@Book{cutsuridis2010hippocampal,
  Title                    = {Hippocampal microcircuits: a computational modeler's resource book},
  Author                   = {Cutsuridis, Vassilis and Graham, Bruce P and Cobb, Stuart and Vida, Imre},
  Publisher                = {Springer Science \& Business Media},
  Year                     = {2010},
  Volume                   = {5}
}

@Article{dally2006food,
  Title                    = {Food-caching western scrub-jays keep track of who was watching when},
  Author                   = {Dally, Joanna M and Emery, Nathan J and Clayton, Nicola S},
  Journal                  = {Science},
  Year                     = {2006},
  Number                   = {5780},
  Pages                    = {1662--1665},
  Volume                   = {312},

  Publisher                = {American Association for the Advancement of Science}
}

@Article{dere2005episodic,
  Title                    = {Episodic-like memory in mice: simultaneous assessment of object, place and temporal order memory},
  Author                   = {Dere, Ekrem and Huston, Joseph P and Silva, Maria A De Souza},
  Journal                  = {Brain research protocols},
  Year                     = {2005},
  Number                   = {1},
  Pages                    = {10--19},
  Volume                   = {16},

  Publisher                = {Elsevier}
}

@Article{deshmukh2003representation,
  Title                    = {Representation of odor habituation and timing in the hippocampus},
  Author                   = {Deshmukh, Sachin S and Bhalla, Upinder S},
  Journal                  = {The Journal of neuroscience},
  Year                     = {2003},
  Number                   = {5},
  Pages                    = {1903--1915},
  Volume                   = {23},

  Publisher                = {Soc Neuroscience}
}

@Article{dragoi2011preplay,
  Title                    = {Preplay of future place cell sequences by hippocampal cellular assemblies},
  Author                   = {Dragoi, George and Tonegawa, Susumu},
  Journal                  = {Nature},
  Year                     = {2011},
  Number                   = {7330},
  Pages                    = {397--401},
  Volume                   = {469},

  Publisher                = {Nature Publishing Group}
}

@Article{dunn2015correlations,
  Title                    = {Correlations and functional connections in a population of grid cells},
  Author                   = {Dunn, Benjamin and M{\o}rreaunet, Maria and Roudi, Yasser},
  Journal                  = {PLoS Comput Biol},
  Year                     = {2015},
  Number                   = {2},
  Pages                    = {e1004052},
  Volume                   = {11},

  Publisher                = {Public Library of Science}
}

@Article{eichenbaum1999hippocampus,
  Title                    = {The hippocampus, memory, and place cells: is it spatial memory or a memory space?},
  Author                   = {Eichenbaum, Howard and Dudchenko, Paul and Wood, Emma and Shapiro, Matthew and Tanila, Heikki},
  Journal                  = {Neuron},
  Year                     = {1999},
  Number                   = {2},
  Pages                    = {209--226},
  Volume                   = {23},

  Publisher                = {Elsevier}
}

@Article{fellini2009pharmacological,
  Title                    = {Pharmacological intervention of hippocampal {CA3 NMDA} receptors impairs acquisition and long-term memory retrieval of spatial pattern completion task},
  Author                   = {Fellini, Laetitia and Florian, C{\'e}drick and Courtey, Julie and Roullet, Pascal},
  Journal                  = {Learning \& memory},
  Year                     = {2009},
  Number                   = {6},
  Pages                    = {387--394},
  Volume                   = {16},

  Publisher                = {Cold Spring Harbor Lab}
}

@Article{fontanari1995model,
  Title                    = {A model of the operation of the hippocampus and entorhinal cortex in memory},
  Author                   = {Fontanari, JF and Rolls, ET and Costa, Da F and others},
  Journal                  = {International Journal of Neural Systems},
  Year                     = {1995},
  Number                   = {1},
  Pages                    = {51--70},
  Volume                   = {6},

  Publisher                = {World Scientific}
}

@Article{fortin2002critical,
  Title                    = {Critical role of the hippocampus in memory for sequences of events},
  Author                   = {Fortin, Norbert J and Agster, Kara L and Eichenbaum, Howard B},
  Journal                  = {Nature neuroscience},
  Year                     = {2002},
  Number                   = {5},
  Pages                    = {458--462},
  Volume                   = {5},

  Publisher                = {Nature Publishing Group}
}

@Article{foster2006reverse,
  Title                    = {Reverse replay of behavioural sequences in hippocampal place cells during the awake state},
  Author                   = {Foster, David J and Wilson, Matthew A},
  Journal                  = {Nature},
  Year                     = {2006},
  Number                   = {7084},
  Pages                    = {680--683},
  Volume                   = {440},

  Publisher                = {Nature Publishing Group}
}

@Article{gilbert1998memory,
  Title                    = {Memory for spatial location: role of the hippocampus in mediating spatial pattern separation},
  Author                   = {Gilbert, Paul E and Kesner, Raymond P and DeCoteau, William E},
  Journal                  = {The Journal of Neuroscience},
  Year                     = {1998},
  Number                   = {2},
  Pages                    = {804--810},
  Volume                   = {18},

  Publisher                = {Soc Neuroscience}
}

@Book{gluck2001gateway,
  Title                    = {Gateway to memory: An introduction to neural network modeling of the hippocampus and learning},
  Author                   = {Gluck, Mark A and Myers, Catherine E},
  Publisher                = {MIT Press},
  Year                     = {2001}
}

@Article{gold2005role,
  Title                    = {The role of the {CA3} subregion of the dorsal hippocampus in spatial pattern completion in the rat},
  Author                   = {Gold, April E and Kesner, Raymond P},
  Journal                  = {Hippocampus},
  Year                     = {2005},
  Number                   = {6},
  Pages                    = {808--814},
  Volume                   = {15},

  Publisher                = {Wiley Online Library}
}

@Article{gupta2010hippocampal,
  Title                    = {Hippocampal replay is not a simple function of experience},
  Author                   = {Gupta, Anoopum S and van der Meer, Matthijs AA and Touretzky, David S and Redish, A David},
  Journal                  = {Neuron},
  Year                     = {2010},
  Number                   = {5},
  Pages                    = {695--705},
  Volume                   = {65},

  Publisher                = {Elsevier}
}

@Article{hafting2005microstructure,
  Title                    = {Microstructure of a spatial map in the entorhinal cortex},
  Author                   = {Hafting, Torkel and Fyhn, Marianne and Molden, Sturla and Moser, May-Britt and Moser, Edvard I},
  Journal                  = {Nature},
  Year                     = {2005},
  Number                   = {7052},
  Pages                    = {801--806},
  Volume                   = {436},

  Publisher                = {Nature Publishing Group}
}

@Article{hasselmo1996encoding,
  Title                    = {Encoding and retrieval of episodic memories: role of cholinergic and GABAergic modulation in the hippocampus},
  Author                   = {Hasselmo, Michael E and Wyble, Bradley P and Wallenstein, Gene V},
  Journal                  = {Hippocampus},
  Year                     = {1996},
  Number                   = {6},
  Pages                    = {693--708},
  Volume                   = {6},

  Publisher                = {Citeseer}
}

@Book{Hastie2009,
  Title                    = {{The Elements of Statistical Learning}},
  Author                   = {Hastie, T. and Tibshirani, R. and Friedman, J.},
  Publisher                = {Springer},
  Year                     = {2009},

  Citeulike-article-id     = {12677747},
  Posted-at                = {2013-10-01 15:22:19},
  Priority                 = {2}
}

@Article{henke2010model,
  Title                    = {A model for memory systems based on processing modes rather than consciousness},
  Author                   = {Henke, Katharina},
  Journal                  = {Nature Reviews Neuroscience},
  Year                     = {2010},
  Number                   = {7},
  Pages                    = {523--532},
  Volume                   = {11},

  Owner                    = {bayatmz4},
  Publisher                = {Nature Publishing Group},
  Timestamp                = {2016.08.18}
}

@Article{hoffman2009memory,
  Title                    = {Memory for “what”,“where”, and “when” information in rhesus monkeys (Macaca mulatta).},
  Author                   = {Hoffman, Megan L and Beran, Michael J and Washburn, David A},
  Journal                  = {Journal of Experimental Psychology: Animal Behavior Processes},
  Year                     = {2009},
  Number                   = {2},
  Pages                    = {143},
  Volume                   = {35},

  Publisher                = {American Psychological Association}
}

@Article{hopfield1982neural,
  Title                    = {Neural networks and physical systems with emergent collective computational abilities},
  Author                   = {Hopfield, John J},
  Journal                  = {Proceedings of the national academy of sciences},
  Year                     = {1982},
  Number                   = {8},
  Pages                    = {2554--2558},
  Volume                   = {79},

  Publisher                = {National Acad Sciences}
}

@Article{hunsaker2008double,
  Title                    = {A double dissociation of subcortical hippocampal efferents for encoding and consolidation/retrieval of spatial information},
  Author                   = {Hunsaker, Michael R and Tran, Giang T and Kesner, Raymond P},
  Journal                  = {Hippocampus},
  Year                     = {2008},
  Number                   = {7},
  Pages                    = {699},
  Volume                   = {18}
}

@Article{ishizuka1990organization,
  Title                    = {Organization of intrahippocampal projections originating from CA3 pyramidal cells in the rat},
  Author                   = {Ishizuka, Norio and Weber, Janet and Amaral, David G},
  Journal                  = {Journal of Comparative Neurology},
  Year                     = {1990},
  Number                   = {4},
  Pages                    = {580--623},
  Volume                   = {295},

  Publisher                = {Wiley Online Library}
}

@Article{jadhav2012awake,
  Title                    = {Awake hippocampal sharp-wave ripples support spatial memory},
  Author                   = {Jadhav, Shantanu P and Kemere, Caleb and German, P Walter and Frank, Loren M},
  Journal                  = {Science},
  Year                     = {2012},
  Number                   = {6087},
  Pages                    = {1454--1458},
  Volume                   = {336},

  Publisher                = {American Association for the Advancement of Science}
}

@Article{jaeger2001echo,
  Title                    = {The “echo state” approach to analysing and training recurrent neural networks-with an erratum note},
  Author                   = {Jaeger, Herbert},
  Journal                  = {Bonn, Germany: German National Research Center for Information Technology GMD Technical Report},
  Year                     = {2001},
  Pages                    = {34},
  Volume                   = {148}
}

@Article{jerman2006disconnection,
  Title                    = {Disconnection analysis of {CA3} and DG in mediating encoding but not retrieval in a spatial maze learning task},
  Author                   = {Jerman, Taylor and Kesner, Raymond P and Hunsaker, Michael R},
  Journal                  = {Learning \& Memory},
  Year                     = {2006},
  Number                   = {4},
  Pages                    = {458--464},
  Volume                   = {13},

  Publisher                = {Cold Spring Harbor Lab}
}

@Article{kaminski2008prospective,
  Title                    = {Prospective object search in dogs: mixed evidence for knowledge of What and Where},
  Author                   = {Kaminski, Juliane and Fischer, Julia and Call, Josep},
  Journal                  = {Animal cognition},
  Year                     = {2008},
  Number                   = {2},
  Pages                    = {367--371},
  Volume                   = {11},

  Publisher                = {Springer}
}

@Article{karlsson2008network,
  Title                    = {Network dynamics underlying the formation of sparse, informative representations in the hippocampus},
  Author                   = {Karlsson, Mattias P and Frank, Loren M},
  Journal                  = {The Journal of neuroscience},
  Year                     = {2008},
  Number                   = {52},
  Pages                    = {14271--14281},
  Volume                   = {28},

  Publisher                = {Soc Neuroscience}
}

@Article{kirwan2005role,
  Title                    = {The role of the hippocampus in the retrieval of a spatial location},
  Author                   = {Kirwan, C Brock and Gilbert, Paul E and Kesner, Raymond P},
  Journal                  = {Neurobiology of learning and memory},
  Year                     = {2005},
  Number                   = {1},
  Pages                    = {65--71},
  Volume                   = {83},

  Publisher                = {Elsevier}
}

@Article{klempin2007adult,
  Title                    = {Adult hippocampal neurogenesis and aging},
  Author                   = {Klempin, Friederike and Kempermann, Gerd},
  Journal                  = {European archives of psychiatry and clinical neuroscience},
  Year                     = {2007},
  Number                   = {5},
  Pages                    = {271--280},
  Volume                   = {257},

  Publisher                = {Springer}
}

@Article{kropff2015speed,
  Title                    = {Speed cells in the medial entorhinal cortex},
  Author                   = {Kropff, Emilio and Carmichael, James E and Moser, May-Britt and Moser, Edvard I},
  Journal                  = {Nature},
  Year                     = {2015},

  Publisher                = {Nature Publishing Group}
}

@Article{kropff2007complexity,
  Title                    = {The complexity of latching transitions in large scale cortical networks},
  Author                   = {Kropff, Emilio and Treves, Alessandro},
  Journal                  = {Natural Computing},
  Year                     = {2007},
  Number                   = {2},
  Pages                    = {169--185},
  Volume                   = {6},

  Publisher                = {Springer}
}

@Article{kudrimoti1999reactivation,
  Title                    = {Reactivation of hippocampal cell assemblies: effects of behavioral state, experience, and EEG dynamics},
  Author                   = {Kudrimoti, Hemant S and Barnes, Carol A and McNaughton, Bruce L},
  Journal                  = {Journal of Neuroscience},
  Year                     = {1999},
  Number                   = {10},
  Pages                    = {4090--4101},
  Volume                   = {19},

  Publisher                = {Soc Neuroscience}
}

@Article{kuhn1996neurogenesis,
  Title                    = {Neurogenesis in the dentate gyrus of the adult rat: age-related decrease of neuronal progenitor proliferation},
  Author                   = {Kuhn, H Georg and Dickinson-Anson, Heather and Gage, Fred H},
  Journal                  = {The Journal of neuroscience},
  Year                     = {1996},
  Number                   = {6},
  Pages                    = {2027--2033},
  Volume                   = {16},

  Publisher                = {Soc Neuroscience}
}

@Article{kuipers2015changes,
  Title                    = {Changes in hippocampal neurogenesis throughout early development},
  Author                   = {Kuipers, Sjoukje D and Schroeder, Joern E and Trentani, Andrea},
  Journal                  = {Neurobiology of aging},
  Year                     = {2015},
  Number                   = {1},
  Pages                    = {365--379},
  Volume                   = {36},

  Publisher                = {Elsevier}
}

@Article{lazar2009sorn,
  Title                    = {SORN: a self-organizing recurrent neural network},
  Author                   = {Lazar, Andreea and Pipa, Gordon and Triesch, Jochen},
  Journal                  = {Frontiers in computational neuroscience},
  Year                     = {2009},
  Pages                    = {23},
  Volume                   = {3},

  Publisher                = {Frontiers}
}

@Article{lazic2012modeling,
  Title                    = {Modeling hippocampal neurogenesis across the lifespan in seven species},
  Author                   = {Lazic, Stanley E},
  Journal                  = {Neurobiology of aging},
  Year                     = {2012},
  Number                   = {8},
  Pages                    = {1664--1671},
  Volume                   = {33},

  Publisher                = {Elsevier}
}

@Article{Lee2002,
  Title                    = {Memory of sequential experience in the hippocampus during slow wave sleep},
  Author                   = {Lee, Albert K and Wilson, Matthew A},
  Journal                  = {Neuron},
  Year                     = {2002},
  Number                   = {6},
  Pages                    = {1183--1194},
  Volume                   = {36},

  Publisher                = {Elsevier}
}

@Article{lee2002memory,
  Title                    = {Memory of sequential experience in the hippocampus during slow wave sleep},
  Author                   = {Lee, Albert K and Wilson, Matthew A},
  Journal                  = {Neuron},
  Year                     = {2002},
  Number                   = {6},
  Pages                    = {1183--1194},
  Volume                   = {36},

  Publisher                = {Elsevier}
}

@Article{lee2004differential,
  Title                    = {Differential contributions of dorsal hippocampal subregions to memory acquisition and retrieval in contextual fear-conditioning},
  Author                   = {Lee, Inah and Kesner, Raymond P},
  Journal                  = {Hippocampus},
  Year                     = {2004},
  Number                   = {3},
  Pages                    = {301--310},
  Volume                   = {14},

  Publisher                = {Wiley Online Library}
}

@Article{leutgeb2007pattern,
  Title                    = {Pattern separation in the dentate gyrus and {CA3} of the hippocampus},
  Author                   = {Leutgeb, Jill K and Leutgeb, Stefan and Moser, May-Britt and Moser, Edvard I},
  Journal                  = {science},
  Year                     = {2007},
  Number                   = {5814},
  Pages                    = {961--966},
  Volume                   = {315},

  Publisher                = {American Association for the Advancement of Science}
}

@Article{lew1996sequence,
  Title                    = {A Sequence Predicting С A3 Is a Flexible Associator That Learns and Uses Context to Solve Hippocampal-Like Tasks},
  Author                   = {Lew, William В},
  Journal                  = {Hippocampus},
  Year                     = {1996},
  Pages                    = {579--590},
  Volume                   = {6}
}

@Article{li1994hippocampal,
  Title                    = {The hippocampal {CA3} network: an in vivo intracellular labeling study},
  Author                   = {Li, X-G and Somogyi, P and Ylinen, A and Buzsaki, G},
  Journal                  = {Journal of Comparative Neurology},
  Year                     = {1994},
  Number                   = {2},
  Pages                    = {181--208},
  Volume                   = {339},

  Publisher                = {Wiley Online Library}
}

@Article{lisman2001storage,
  Title                    = {Storage, recall, and novelty detection of sequences by the hippocampus: elaborating on the SOCRATIC model to account for normal and aberrant effects of dopamine},
  Author                   = {Lisman, John E and Otmakhova, Nonna A},
  Journal                  = {Hippocampus},
  Year                     = {2001},
  Number                   = {5},
  Pages                    = {551--568},
  Volume                   = {11},

  Publisher                = {Wiley Online Library}
}

@Article{Louie2001,
  Title                    = {Temporally structured replay of awake hippocampal ensemble activity during rapid eye movement sleep},
  Author                   = {Louie, Kenway and Wilson, Matthew A},
  Journal                  = {Neuron},
  Year                     = {2001},
  Number                   = {1},
  Pages                    = {145--156},
  Volume                   = {29},

  Publisher                = {Elsevier}
}

@Article{louie2001temporally,
  Title                    = {Temporally structured replay of awake hippocampal ensemble activity during rapid eye movement sleep},
  Author                   = {Louie, Kenway and Wilson, Matthew A},
  Journal                  = {Neuron},
  Year                     = {2001},
  Number                   = {1},
  Pages                    = {145--156},
  Volume                   = {29},

  Publisher                = {Elsevier}
}

@Article{macdonald2011hippocampal,
  Title                    = {Hippocampal “time cells” bridge the gap in memory for discontiguous events},
  Author                   = {MacDonald, Christopher J and Lepage, Kyle Q and Eden, Uri T and Eichenbaum, Howard},
  Journal                  = {Neuron},
  Year                     = {2011},
  Number                   = {4},
  Pages                    = {737--749},
  Volume                   = {71},

  Publisher                = {Elsevier}
}

@Article{marr1991simple,
  Title                    = {{Simple memory: a theory for archicortex}},
  Author                   = {Marr, D.},
  Journal                  = {Philosophical transactions of the Royal Society of London},
  Year                     = {1971},
  Number                   = {841},
  Pages                    = {23-81+},
  Volume                   = {262},

  Citeulike-article-id     = {3133427},
  Citeulike-linkout-0      = {http://www.ncbi.nlm.nih.gov/entrez/query.fcgi?cmd=Retrieve\&\#38;db=PubMed\&\#38;dopt=Citation\&\#38;list\_uids=4399412},
  Comment                  = {Jul 1 ---=note-separator=--- Simple memory: a theory for archicortex ---=note-separator=--- 4399412 ---=note-separator=--- eng},
  ISBN                     = {0962-8436 (Print)},
  Keywords                 = {file-import-08-08-18},
  Posted-at                = {2008-08-18 16:34:10},
  Priority                 = {0},
  Url                      = {http://www.ncbi.nlm.nih.gov/entrez/query.fcgi?cmd=Retrieve\&\#38;db=PubMed\&\#38;dopt=Citation\&\#38;list\_uids=4399412}
}

@Article{mcclelland1995there,
  Title                    = {Why there are complementary learning systems in the hippocampus and neocortex: insights from the successes and failures of connectionist models of learning and memory.},
  Author                   = {McClelland, James L and McNaughton, Bruce L and O'Reilly, Randall C},
  Journal                  = {Psychological review},
  Year                     = {1995},
  Number                   = {3},
  Pages                    = {419},
  Volume                   = {102},

  Owner                    = {bayatmz4},
  Publisher                = {American Psychological Association},
  Timestamp                = {2016.08.18}
}

@Article{mcnaughton1987hippocampal,
  Title                    = {Hippocampal synaptic enhancement and information storage within a distributed memory system},
  Author                   = {McNaughton, Bruce L and Morris, Richard GM},
  Journal                  = {Trends in neurosciences},
  Year                     = {1987},
  Number                   = {10},
  Pages                    = {408--415},
  Volume                   = {10},

  Publisher                = {Elsevier}
}

@Article{milner1968further,
  Title                    = {Further analysis of the hippocampal amnesic syndrome: 14-year follow-up study of HM},
  Author                   = {Milner, Brenda and Corkin, Suzanne and Teuber, H-L},
  Journal                  = {Neuropsychologia},
  Year                     = {1968},
  Number                   = {3},
  Pages                    = {215--234},
  Volume                   = {6},

  Publisher                = {Elsevier}
}

@Article{monaco2011modular,
  Title                    = {Modular realignment of entorhinal grid cell activity as a basis for hippocampal remapping},
  Author                   = {Monaco, Joseph D and Abbott, Larry F},
  Journal                  = {The Journal of Neuroscience},
  Year                     = {2011},
  Number                   = {25},
  Pages                    = {9414--9425},
  Volume                   = {31},

  Publisher                = {Soc Neuroscience}
}

@Article{morris1982place,
  Title                    = {Place navigation impaired in rats with hippocampal lesions},
  Author                   = {Morris, RGM and Garrud, Paul and Rawlins, JNP and O'Keefe, John},
  Journal                  = {Nature},
  Year                     = {1982},
  Number                   = {5868},
  Pages                    = {681--683},
  Volume                   = {297}
}

@Article{moustafa2009neurocomputational,
  Title                    = {A neurocomputational model of classical conditioning phenomena: a putative role for the hippocampal region in associative learning},
  Author                   = {Moustafa, Ahmed A and Myers, Catherine E and Gluck, Mark A},
  Journal                  = {Brain research},
  Year                     = {2009},
  Pages                    = {180--195},
  Volume                   = {1276},

  Publisher                = {Elsevier}
}

@Article{nadel1997memory,
  Title                    = {Memory consolidation, retrograde amnesia and the hippocampal complex},
  Author                   = {Nadel, Lynn and Moscovitch, Morris},
  Journal                  = {Current opinion in neurobiology},
  Year                     = {1997},
  Number                   = {2},
  Pages                    = {217--227},
  Volume                   = {7},

  Owner                    = {bayatmz4},
  Publisher                = {Elsevier},
  Timestamp                = {2016.08.18}
}

@Article{nakashiba2008transgenic,
  Title                    = {Transgenic inhibition of synaptic transmission reveals role of {CA3} output in hippocampal learning},
  Author                   = {Nakashiba, Toshiaki and Young, Jennie Z and McHugh, Thomas J and Buhl, Derek L and Tonegawa, Susumu},
  Journal                  = {Science},
  Year                     = {2008},
  Number                   = {5867},
  Pages                    = {1260--1264},
  Volume                   = {319},

  Publisher                = {American Association for the Advancement of Science}
}

@Article{nakazawa2002requirement,
  Title                    = {Requirement for hippocampal {CA3 NMDA} receptors in associative memory recall},
  Author                   = {Nakazawa, Kazu and Quirk, Michael C and Chitwood, Raymond A and Watanabe, Masahiko and Yeckel, Mark F and Sun, Linus D and Kato, Akira and Carr, Candice A and Johnston, Daniel and Wilson, Matthew A and others},
  Journal                  = {Science},
  Year                     = {2002},
  Number                   = {5579},
  Pages                    = {211--218},
  Volume                   = {297},

  Publisher                = {American Association for the Advancement of Science}
}

@Article{nakazawa2003hippocampal,
  Title                    = {Hippocampal {CA3 NMDA} receptors are crucial for memory acquisition of one-time experience},
  Author                   = {Nakazawa, Kazu and Sun, Linus D and Quirk, Michael C and Rondi-Reig, Laure and Wilson, Matthew A and Tonegawa, Susumu},
  Journal                  = {Neuron},
  Year                     = {2003},
  Number                   = {2},
  Pages                    = {305--315},
  Volume                   = {38},

  Publisher                = {Elsevier}
}

@Article{neher2015memory,
  Title                    = {Memory storage fidelity in the hippocampal circuit: the role of subregions and input statistics},
  Author                   = {Neher, Torsten and Cheng, Sen and Wiskott, Laurenz},
  Journal                  = {PLoS Comput Biol},
  Year                     = {2015},
  Number                   = {5},
  Pages                    = {e1004250},
  Volume                   = {11},

  Publisher                = {Public Library of Science}
}

@Article{o1971hippocampus,
  Title                    = {The hippocampus as a spatial map. Preliminary evidence from unit activity in the freely-moving rat},
  Author                   = {O'Keefe, John and Dostrovsky, Jonathan},
  Journal                  = {Brain research},
  Year                     = {1971},
  Number                   = {1},
  Pages                    = {171--175},
  Volume                   = {34},

  Publisher                = {Elsevier}
}

@Article{o1994hippocampal,
  Title                    = {Hippocampal conjunctive encoding, storage, and recall: avoiding a trade-off},
  Author                   = {O'reilly, Randall C and McClelland, James L},
  Journal                  = {Hippocampus},
  Year                     = {1994},
  Number                   = {6},
  Pages                    = {661--682},
  Volume                   = {4},

  Publisher                = {Wiley Online Library}
}

@Article{pastalkova2008internally,
  Title                    = {Internally generated cell assembly sequences in the rat hippocampus},
  Author                   = {Pastalkova, Eva and Itskov, Vladimir and Amarasingham, Asohan and Buzs{\'a}ki, Gy{\"o}rgy},
  Journal                  = {Science},
  Year                     = {2008},
  Number                   = {5894},
  Pages                    = {1322--1327},
  Volume                   = {321},

  Publisher                = {American Association for the Advancement of Science}
}

@Article{pfeiffer2013hippocampal,
  Title                    = {Hippocampal place-cell sequences depict future paths to remembered goals},
  Author                   = {Pfeiffer, Brad E and Foster, David J},
  Journal                  = {Nature},
  Year                     = {2013},
  Number                   = {7447},
  Pages                    = {74--79},
  Volume                   = {497},

  Publisher                = {Nature Publishing Group}
}

@Article{pyka2014pattern,
  Title                    = {Pattern association and consolidation emerges from connectivity properties between cortex and hippocampus},
  Author                   = {Pyka, Martin and Cheng, Sen},
  Journal                  = {PloS one},
  Year                     = {2014},
  Number                   = {1},
  Pages                    = {e85016},
  Volume                   = {9},

  Publisher                = {Public Library of Science}
}

@Article{qin1997memory,
  Title                    = {Memory reprocessing in corticocortical and hippocampocortical neuronal ensembles},
  Author                   = {Qin, Yu-Lin and McNaughton, Bruce L and Skaggs, William E and Barnes, Carol A},
  Journal                  = {Philosophical Transactions of the Royal Society B: Biological Sciences},
  Year                     = {1997},
  Number                   = {1360},
  Pages                    = {1525--1533},
  Volume                   = {352},

  Publisher                = {The Royal Society}
}

@Article{rajan2016recurrent,
  Title                    = {Recurrent network models of sequence generation and memory},
  Author                   = {Rajan, Kanaka and Harvey, Christopher D and Tank, David W},
  Journal                  = {Neuron},
  Year                     = {2016},
  Number                   = {1},
  Pages                    = {128--142},
  Volume                   = {90},

  Publisher                = {Elsevier}
}

@Article{renno2010mechanism,
  Title                    = {The mechanism of rate remapping in the dentate gyrus},
  Author                   = {Renn{\'o}-Costa, C{\'e}sar and Lisman, John E and Verschure, Paul FMJ},
  Journal                  = {Neuron},
  Year                     = {2010},
  Number                   = {6},
  Pages                    = {1051--1058},
  Volume                   = {68},

  Publisher                = {Elsevier}
}

@Article{rolls2007attractor,
  Title                    = {An attractor network in the hippocampus: theory and neurophysiology},
  Author                   = {Rolls, Edmund T},
  Journal                  = {Learning \& Memory},
  Year                     = {2007},
  Number                   = {11},
  Pages                    = {714--731},
  Volume                   = {14},

  Publisher                = {Cold Spring Harbor Lab}
}

@Article{romani2015short,
  Title                    = {Short-term plasticity based network model of place cells dynamics},
  Author                   = {Romani, Sandro and Tsodyks, Misha},
  Journal                  = {Hippocampus},
  Year                     = {2015},
  Number                   = {1},
  Pages                    = {94--105},
  Volume                   = {25},

  Publisher                = {Wiley Online Library}
}

@Article{roudi2008representing,
  Title                    = {Representing where along with what information in a model of a cortical patch},
  Author                   = {Roudi, Yasser and Treves, Alessandro},
  Journal                  = {PLoS Comput Biol},
  Year                     = {2008},
  Number                   = {3},
  Pages                    = {e1000012},
  Volume                   = {4},

  Publisher                = {Public Library of Science}
}

@Article{salz2016time,
  Title                    = {Time Cells in Hippocampal Area {CA3}},
  Author                   = {Salz, Daniel M and Tiganj, Zoran and Khasnabish, Srijesa and Kohley, Annalyse and Sheehan, Daniel and Howard, Marc W and Eichenbaum, Howard},
  Journal                  = {The Journal of Neuroscience},
  Year                     = {2016},
  Number                   = {28},
  Pages                    = {7476--7484},
  Volume                   = {36},

  Publisher                = {Soc Neuroscience}
}

@Article{scoville1957loss,
  Title                    = {Loss of recent memory after bilateral hippocampal lesions},
  Author                   = {Scoville, William Beecher and Milner, Brenda},
  Journal                  = {Journal of Neurology, Neurosurgery \& Psychiatry},
  Year                     = {1957},
  Number                   = {1},
  Pages                    = {11--21},
  Volume                   = {20},

  Publisher                = {BMJ Publishing Group Ltd}
}

@Article{sejnowski1977storing,
  Title                    = {Storing covariance with nonlinearly interacting neurons},
  Author                   = {Sejnowski, Terrence J},
  Journal                  = {Journal of mathematical biology},
  Year                     = {1977},
  Number                   = {4},
  Pages                    = {303--321},
  Volume                   = {4},

  Publisher                = {Springer}
}

@Article{skaggs1996replay,
  Title                    = {Replay of neuronal firing sequences in rat hippocampus during sleep following spatial experience},
  Author                   = {Skaggs, William E and McNaughton, Bruce L},
  Journal                  = {Science},
  Year                     = {1996},
  Number                   = {5257},
  Pages                    = {1870},
  Volume                   = {271},

  Publisher                = {The American Association for the Advancement of Science}
}

@Article{solstad2008representation,
  Title                    = {Representation of geometric borders in the entorhinal cortex},
  Author                   = {Solstad, Trygve and Boccara, Charlotte N and Kropff, Emilio and Moser, May-Britt and Moser, Edvard I},
  Journal                  = {Science},
  Year                     = {2008},
  Number                   = {5909},
  Pages                    = {1865--1868},
  Volume                   = {322},

  Publisher                = {American Association for the Advancement of Science}
}

@Article{stensola2012entorhinal,
  Title                    = {The entorhinal grid map is discretized},
  Author                   = {Stensola, Hanne and Stensola, Tor and Solstad, Trygve and Fr{\o}land, Kristian and Moser, May-Britt and Moser, Edvard I},
  Journal                  = {Nature},
  Year                     = {2012},
  Number                   = {7427},
  Pages                    = {72--78},
  Volume                   = {492},

  Publisher                = {Nature Publishing Group}
}

@Article{stent1973physiological,
  Title                    = {A physiological mechanism for Hebb's postulate of learning},
  Author                   = {Stent, Gunther S},
  Journal                  = {Proceedings of the national academy of sciences},
  Year                     = {1973},
  Number                   = {4},
  Pages                    = {997--1001},
  Volume                   = {70},

  Publisher                = {National Acad Sciences}
}

@Article{suddendorf2007evolution,
  Title                    = {The evolution of foresight: What is mental time travel, and is it unique to humans?},
  Author                   = {Suddendorf, Thomas and Corballis, Michael C},
  Journal                  = {Behavioral and Brain Sciences},
  Year                     = {2007},
  Number                   = {03},
  Pages                    = {299--313},
  Volume                   = {30},

  Owner                    = {bayatmz4},
  Publisher                = {Cambridge Univ Press},
  Timestamp                = {2016.08.18}
}

@Article{suh2011entorhinal,
  Title                    = {Entorhinal cortex layer III input to the hippocampus is crucial for temporal association memory},
  Author                   = {Suh, Junghyup and Rivest, Alexander J and Nakashiba, Toshiaki and Tominaga, Takashi and Tonegawa, Susumu},
  Journal                  = {Science},
  Year                     = {2011},
  Number                   = {6061},
  Pages                    = {1415--1420},
  Volume                   = {334},

  Publisher                = {American Association for the Advancement of Science}
}

@Article{sussillo2009generating,
  Title                    = {Generating coherent patterns of activity from chaotic neural networks},
  Author                   = {Sussillo, David and Abbott, Larry F},
  Journal                  = {Neuron},
  Year                     = {2009},
  Number                   = {4},
  Pages                    = {544--557},
  Volume                   = {63},

  Publisher                = {Elsevier}
}

@Article{taube1990head,
  Title                    = {Head-direction cells recorded from the postsubiculum in freely moving rats. I. Description and quantitative analysis},
  Author                   = {Taube, Jeffrey S and Muller, Robert U and Ranck, James B},
  Journal                  = {The Journal of neuroscience},
  Year                     = {1990},
  Number                   = {2},
  Pages                    = {420--435},
  Volume                   = {10},

  Publisher                = {Soc Neuroscience}
}

@Article{treves1994computational,
  Title                    = {Computational analysis of the role of the hippocampus in memory},
  Author                   = {Treves, Alessandro and Rolls, Edmund T},
  Journal                  = {Hippocampus},
  Year                     = {1994},
  Number                   = {3},
  Pages                    = {374--391},
  Volume                   = {4},

  Publisher                = {Wiley Online Library}
}

@Article{HIPO:HIPO450020209,
  Title                    = {Computational constraints suggest the need for two distinct input systems to the hippocampal {CA3} network},
  Author                   = {Treves, Alessandro and Rolls, Edmund T.},
  Journal                  = {Hippocampus},
  Year                     = {1992},
  Number                   = {2},
  Pages                    = {189--199},
  Volume                   = {2},

  Doi                      = {10.1002/hipo.450020209},
  ISSN                     = {1098-1063},
  Keywords                 = {hippocampus, autoassociative memory, attractor neural networks, associative synapses, information storage},
  Owner                    = {bayatmz4},
  Publisher                = {Wiley Subscription Services, Inc., A Wiley Company},
  Timestamp                = {2016.08.18},
  Url                      = {http://dx.doi.org/10.1002/hipo.450020209}
}

@Article{treves1992computational,
  Title                    = {Computational constraints suggest the need for two distinct input systems to the hippocampal {CA3} network},
  Author                   = {Treves, Alessandro and Rolls, Edmund T},
  Journal                  = {Hippocampus},
  Year                     = {1992},
  Number                   = {2},
  Pages                    = {189--199},
  Volume                   = {2},

  Owner                    = {bayatmz4},
  Publisher                = {Wiley Online Library},
  Timestamp                = {2016.08.18}
}

@Article{treves2008mammalian,
  Title                    = {What is the mammalian dentate gyrus good for?},
  Author                   = {Treves, Alessandro and Tashiro, Ayumu and Witter, Menno P and Moser, Edvard I},
  Journal                  = {Neuroscience},
  Year                     = {2008},
  Number                   = {4},
  Pages                    = {1155--1172},
  Volume                   = {154},

  Publisher                = {Elsevier}
}

@Article{tulving1972episodic,
  Title                    = {Episodic and semantic memory 1},
  Author                   = {Tulving, Endel},
  Journal                  = {Organization of Memory. London: Academic},
  Year                     = {1972},
  Number                   = {4},
  Pages                    = {382--404},
  Volume                   = {381}
}

@Article{vago2007role,
  Title                    = {The role of the direct perforant path input to the {CA1} subregion of the dorsal hippocampus in memory retention and retrieval},
  Author                   = {Vago, David R and Bevan, Adam and Kesner, Raymond P},
  Journal                  = {Hippocampus},
  Year                     = {2007},
  Number                   = {10},
  Pages                    = {977--987},
  Volume                   = {17},

  Publisher                = {Wiley Online Library}
}

@Article{willshaw1969non,
  Title                    = {Non-holographic associative memory.},
  Author                   = {Willshaw, David J and Buneman, O Peter and Longuet-Higgins, Hugh Christopher},
  Journal                  = {Nature},
  Year                     = {1969},

  Publisher                = {Nature Publishing Group}
}

@Article{wiskott2006functional,
  Title                    = {A functional hypothesis for adult hippocampal neurogenesis: avoidance of catastrophic interference in the dentate gyrus},
  Author                   = {Wiskott, Laurenz and Rasch, Malte J and Kempermann, Gerd},
  Journal                  = {Hippocampus},
  Year                     = {2006},
  Number                   = {3},
  Pages                    = {329--343},
  Volume                   = {16},

  Publisher                = {Wiley Online Library}
}

@Article{yoon2012hippocampus,
  Title                    = {Hippocampus is required for paired associate memory with neither delay nor trial uniqueness},
  Author                   = {Yoon, Jinah and Seo, Yeran and Kim, Jangjin and Lee, Inah},
  Journal                  = {Learning \& Memory},
  Year                     = {2012},
  Number                   = {1},
  Pages                    = {1--8},
  Volume                   = {19},

  Publisher                = {Cold Spring Harbor Lab}
}

@Article{zentall2001episodic,
  Title                    = {Episodic-like memory in pigeons},
  Author                   = {Zentall, Thomas R and Clement, Tricia S and Bhatt, Ramesh S and Allen, Jessica},
  Journal                  = {Psychonomic Bulletin \& Review},
  Year                     = {2001},
  Number                   = {4},
  Pages                    = {685--690},
  Volume                   = {8},

  Publisher                = {Springer}
}

@Article{zhang2013optogenetic,
  Title                    = {Optogenetic dissection of entorhinal-hippocampal functional connectivity},
  Author                   = {Zhang, Sheng-Jia and Ye, Jing and Miao, Chenglin and Tsao, Albert and Cerniauskas, Ignas and Ledergerber, Debora and Moser, May-Britt and Moser, Edvard I},
  Journal                  = {Science},
  Year                     = {2013},
  Number                   = {6128},
  Pages                    = {1232627},
  Volume                   = {340},

  Publisher                = {American Association for the Advancement of Science}
}



